@misc{yip2018native,
 title={Native {JSON} Benchmark},
 author={Milo Yip},
 year= 2018,
 note = {\url{https://github.com/miloyip/nativejson-benchmark}}
}

@book{o1997thomas,
  title={Thomas Aquinas, Theologian},
  author={{O'Meara}, Thomas F},
  year={1997},
  publisher={University of Notre Dame Press},
  isbn={0268042012}
}

@INPROCEEDINGS{Tang08ArnetMiner,
    AUTHOR = "Jie Tang and Jing Zhang and Limin Yao and Juanzi Li and Li Zhang and Zhong Su",
    TITLE = "{ArnetMiner}: Extraction and Mining of Academic Social Networks",
    pages = "990-998",
    YEAR = {2008},
    BOOKTITLE = "KDD'08",
}

@article{lowry1951protein,
  title={Protein measurement with the {Folin} phenol reagent},
  author={Lowry, Oliver H and Rosebrough, Nira J and Farr, A Lewis and Randall, Rose J},
  journal={Journal of biological chemistry},
  volume={193},
  number={1},
  pages={265--275},
  year={1951},
  publisher={American Society for Biochemistry and Molecular Biology}
}

@book{foucault1980power,
  title={Power/knowledge: Selected interviews and other writings, 1972--1977},
  author={Foucault, Michel},
  year={1980},
  publisher={Pantheon}
}

@article{leigland2009grid,
title={Grid Grid Grid Grid Grid Grid Grid Grid Grid Grid Grid Grid Grid Grid Grid Grid Grid Grid Grid Grid Grid Grid Grid Grid Grid Grid Grid Grid Grid Grid Grid Grid Grid Grid Grid Grid Grid Grid Grid Grid Grid Grid Grid Grid Grid Grid Grid Grid Grid Grid Grid Grid Grid Grid Grid Grid Grid Grid Grid Grid Grid Grid Grid Grid Grid Grid Grid Grid Grid Grid Grid Grid Grid Grid Grid Grid Grid Grid Grid Grid Grid Grid Grid Grid Grid Grid Grid Grid Grid Grid Grid Grid Grid Grid Grid Grid Grid Grid Grid Grid Grid Grid Grid Grid Grid Grid Grid Grid Grid Grid Grid Grid Grid Grid Grid Grid Grid Grid Grid Grid Grid},
year = 2009,
author = {James Leigland and Henry Russell}
}

@mastersthesis{putri2009implementasi,
  title={{IMPLEMENTASI PERATURAN MAHKAMAH AGUNG NOMOR 1 TAHUN 2008 TENTANG PROSEDUR MEDIASI DI PENGADILAN (STUDI KASUS DI PENGADILAN NEGERI BOYOLALI)}},
  year={2009},
  school={UNIVERSITAS SEBELAS MARET SURAKARTA},
  author={ALFARISA ARTIKA PUTRI},
  type={Sarjana S1 dalam Ilmu Hukum},
  }

@misc{officehours,
  title={Office Hours: Monday, Wednesday, Thursday and Friday 9:00 a.m. to 5:00 p.m.; Tuesday 9:00 a.m. to 6:45 p.m},
  author={M. D. Julie Johnson and Janet Coyle and Riba Kelsey and Janet Fason and D. O. Folashade Omole and Janice Herbert-Carter and Kitty Carter-Wicker and Tanya Jones and Dominic Mack and Bonnie Malvea and Yuan-Xiang Meng and Michele Nichols and Beverly Taylor and Obafemi Okuwobi and Gregory Strayhorn and Harry Strothers and Marie Smith and M. D. MMA}
}

@article{fitzpatrick2005shakespeare,
  title={{Shakespeare's Titus Andronicus and Bandello's Novelle as Sources for the Munera Episode in Spenser's Faerie Queene, Book 5, Canto 2}},
  author={J. Fitzpatrick},
  journal={Notes and Queries},
  year= 2005
  pages={196--198},
  volume=52,
  issue=2,
  doi={10.1093/notesj/gji221},
  url={http://dx.doi.org/10.1093/notesj/gji221},
}

@article{stevenson2000thomas,
  title={{Thomas Aquinas: Theologian By Thomas F. O'Meara, O.P. Notre Dame, University of Notre Dame Press, 1997. 302 pp. \$16.95}},
  author={w b stevenson},
  journal={Theology Today},
  year=2000
  }