@inproceedings{chesstego,
  author =       "Murphy, VII, Tom and Ben Blum and Jim McCann",
  title =        "It still seems black has hope in these extremely unfair variants of chess",
  booktitle = {A Record of the Proceedings of {SIGBOVIK} 2014},
  publisher =    {ACH},
  pages = {21--25},
  location =      "Pittsburgh, PA, USA",
  day =          "1",
  month =        Apr,
  year =         "2014",
  note =         "\url{sigbovik.org/2014}",
}

@inproceedings{kingme,
  author = "Murphy, VII, Tom",
  title = "{CVE}-2018-90017117",
  publisher = {ACH},
  day =          "1",
  month =        Apr,
  year =         "2019",
  booktitle = {A Record of the Proceedings of {SIGBOVIK} 2019},
}

 @MISC{fiderules,
   title = {{FIDE} Handbook -- {E.I.01A}. {L}aws of Chess},
   month = October,
   year = {2017},
   address = {Goynuk, Antalya, Turkey},
   organization = {FIDE World Chess Federation},
   type = {manual},
   note = "\url{www.fide.com/component/handbook}"
 }
 