@inproceedings{fluint8,
  author =       "Jim McCann and Murphy, VII, Tom",
  title =        "The fluint8 software integer library",
  booktitle = {A Record of the Proceedings of {SIGBOVIK} 2018},
  publisher =    {ACH},
  pages = {125--128},
  location =      "Pittsburgh, PA, USA",
  day =          "-2",
  month =        Apr,
  year =         "2018",
  issn = {2155-0166},
  note =         "\url{sigbovik.org/2018}",
}

@techreport{ieee754,
title={754--2008 {IEEE} standard for floating-point arithmetic},
institution={IEEE Computer Society},
year=2008,
number={754--2008},
doi={10.1109/IEEESTD.2008.4610935},
isbn={ 978-0-7381-5752-8},
month=Aug,
day=29,
}

@techreport{crationale510,
title={Rationale for International Standard---Programming Languages---{C}},
number={Revision 5.10},
month=Apr,
year=2003,
institution={{ISO}/{IEC} 9899},
author={JTC1-SC22-WG14},
note = {\url{http://www.open-std.org/jtc1/sc22/wg14/www/C99RationaleV5.10.pdf}},
}

@techreport{fpextensions,
title = {Floating-point extensions for {C}---Part 4: Supplementary functions},
number={TS 18661-4:2015},
institution={ISO/IEC},
year=2015,
}

@misc{pfenning2006logic,
title = {Bottom-up logic programming},
year = {2006},
month = Nov,
author = {Frank Pfenning},
note = {Course notes for 15--819K: Logic Programming},
institution={Carnegie Mellon University},
}

@misc{wikipedia16,
title = {Half-precision floating-point format},
author = {Wikipedia},
year = {2019},
note = {\url{https://en.wikipedia.org/wiki/Half-precision_floating-point_format}},
}

@misc{stm32,
title = {{STM32F303xD} {STM32F303xE}. {ARM}\textregistered {Cortex}\textregistered-{M4} 32b {MCU+FPU}, up to 512KB Flash, 80KB {SRAM}, {FSMC}, 4 {ADCs}, 2 {DAC} ch., 7 comp, 4 Op-Amp, 2.0--3.6 {V}},
author = {{STMicroelectronics}},
year = 2016,
month = Oct,
note = {Revision 5},
}
