@inproceedings{murphy2015redi,
  author = "Murphy, VII, Tom",
  title = "Red i removal with artificial retina networks",
  day = 1,
  month = Apr,
  year = 2015,
  note = {\url{sigbovik.org/2015}},
  publisher = {ACH},
  booktitle = {A record of the proceedings of {SIGBOVIK} 2015},
  pages = {27--32},
}

@inproceedings{murphy2019blind,
  author = "Murphy, VII, Tom",
  title = "Color- and piece-blind chess",
  publisher = {ACH},
  day = "1",
  month = Apr,
  year = "2019",
  booktitle = {A Record of the Proceedings of {SIGBOVIK} 2019},
}

@inproceedings{murphy2019eloworld,
  author = "Murphy, VII, Tom",
  title = "Elo {W}orld: {A} framework for benchmarking weak chess algorithms",
  publisher = {ACH},
  day = "1",
  month = Apr,
  year = "2019",
  booktitle = {A Record of the Proceedings of {SIGBOVIK} 2019},
}

@misc{dbzfonts,
  title = "Divide by Zero Fonts",
  note = {\url{http://fonts.tom7.com/}},
  author = {Tom 7},
  year = {1993},
}

@misc{biteopt,
  title = {BITEOPT - Derivative-Free Optimization Method},
  note = {\url{https://github.com/avaneev/biteopt}},
  year = 2021,
  author = {Vaneev, Akelsey},
}

@misc{futura,
  title = {Futura},
  note = {\url{https://en.wikipedia.org/wiki/Futura_(typeface)}},
  year = 1927,
  author = {Renner, Paul},
  publisher = {Bauer Type Foundry},
}

@incollection{green2007improved,
  title={Improved alpha-tested magnification for vector textures and special effects},
  author={Green, Chris},
  booktitle={Advanced Real-Time Rendering in 3D Graphics and Games, ACM SIGGRAPH 2007 Course 28},
  publisher={{ACM}},
  pages={9--18},
  year={2007},
}

@misc{neuralnetwork,
  title={A neural network paper that everyone cites},
  author={Famous, {and} presumably rich, Person},
  year={Beforetimes},
  note={Probably {AAAI} or {NIPS}, idk}
}

@misc{stb,
  title={stb single-file libraries},
  author={Barrett, Sean},
  year={2009--2020},
  note={\url{https://github.com/nothings/stb}},
}

@misc{fontforge,
  title={FontForge},
  author={George Williams et al.},
  year={2000--2015},
  note={\url{https://fontforge.org/}},
}