@inproceedings{chesstego,
  author =       "Murphy, VII, Tom and Ben Blum and Jim McCann",
  title =        "It still seems black has hope in these extremely unfair variants of chess",
  booktitle = {A Record of the Proceedings of {SIGBOVIK} 2014},
  publisher =    {ACH},
  pages = {21--25},
  location =      "Pittsburgh, PA, USA",
  day =          "1",
  month =        Apr,
  year =         "2014",
  note =         "\url{http://sigbovik.org/2014}",
}
