@inproceedings{murphy2015redi,
  author = "Murphy, VII, Tom",
  title = "Red i removal with artificial retina networks",
  day = 1,
  month = Apr,
  year = 2015,
  note = {\url{sigbovik.org/2015}},
  publisher = {ACH},
  booktitle = {A record of the proceedings of {SIGBOVIK} 2015},
  pages = {27--32},
}

@inproceedings{murphy2019blind,
  author = "Murphy, VII, Tom",
  title = "Color- and piece-blind chess",
  publisher = {ACH},
  day = "1",
  month = Apr,
  year = "2019",
  booktitle = {A Record of the Proceedings of {SIGBOVIK} 2019},
}

@inproceedings{murphy2019eloworld,
  author = "Murphy, VII, Tom",
  title = "Elo {W}orld: {A} framework for benchmarking weak chess algorithms",
  publisher = {ACH},
  day = "1",
  month = Apr,
  year = "2019",
  booktitle = {A Record of the Proceedings of {SIGBOVIK} 2019},
}

